@misc{make,
    title = {GNU Make},
    url = {\url{https://www.gnu.org/software/make/}},
    note = {dostęp dnia 25 listopada 2024},
    author = {{Free Software Foundation, Inc.}}
}

@misc{nmake,
    title = {Odwołanie NMAKE},
    url = {\url{https://learn.microsoft.com/pl-pl/cpp/build/reference/nmake-reference?view=msvc-170}},
    note = {dostęp dnia 25 listopada 2024},
    author = {Microsoft}
}

@misc{cmake,
    title = {CMake},
    url = {\url{https://cmake.org/cmake/help/book/mastering-cmake/chapter/Why%20CMake.html}},
    note = {dostęp dnia 25 listopada 2024},
    author = {{Kitware, Inc}}
}

@misc{vs,
    title = {Microsoft Visual Studio},
    url = {\url{https://pl.wikipedia.org/wiki/Microsoft_Visual_Studio}},
    note = {dostęp dnia 25 listopada 2024},
    author = {Microsoft}
}

@misc{vs-cpp-debug,
    title = {Samouczek: dowiedz się, jak debugować kod C++ przy użyciu programu Visual Studio},
    url = {\url{https://learn.microsoft.com/pl-pl/visualstudio/debugger/getting-started-with-the-debugger-cpp?view=vs-2022}},
    note = {dostęp dnia 25 listopada 2024},
    author = {Microsoft}
}

@misc{meson,
    title = {The Meson Build system},
    url = {\url{https://mesonbuild.com/}},
    note = {dostęp dnia 25 listopada 2024},
    author = {{Jussi Pakkanen}}
}

@misc{meson-sample,
    title = {Meson sample},
    url = {\url{https://mesonbuild.com/Meson-sample.html}},
	note = {dostęp dnia 25 listopada 2024},
    author = {{Jussi Pakkanen}}
}

@misc{rust-cargo,
    title = {The Cargo Book},
    url = {\url{https://doc.rust-lang.org/cargo/}},
	note = {dostęp dnia 25 listopada 2024},
    author = {{Alex Crichton, Steve Klabnik, Carol Nichols}}
}